<?xml version="1.0" encoding="UTF-8" ?>
<collection xmlns:xsi="http://www.w3.org/2001/XMLSchema-instance" xsi:schemaLocation="http://www.loc.gov/MARC21/slim http://www.loc.gov/standards/marcxml/schema/MARC21slim.xsd" xmlns="http://www.loc.gov/MARC21/slim">
   <record>
      <leader>     cam a22        4500</leader>
      <controlfield tag="001">3743212</controlfield>
      <controlfield tag="003">NIC</controlfield>
      <controlfield tag="005">20141222212654.0</controlfield>
      <controlfield tag="008">820628s1964    iq            000 0 arar </controlfield>
      <datafield tag="010" ind1=" " ind2=" ">
         <subfield code="a">ne 68002942  </subfield>
      </datafield>
      <datafield tag="025" ind1=" " ind2=" ">
         <subfield code="a">PL480:UAR-8633</subfield>
      </datafield>
      <datafield tag="035" ind1=" " ind2=" ">
         <subfield code="a">(NIC)notisASW1460</subfield>
      </datafield>
      <datafield tag="035" ind1=" " ind2=" ">
         <subfield code="a">(OCoLC)8556953</subfield>
      </datafield>
      <datafield tag="035" ind1=" " ind2=" ">
         <subfield code="a">3743212</subfield>
      </datafield>
      <datafield tag="040" ind1=" " ind2=" ">
         <subfield code="a">DLC</subfield>
         <subfield code="c">TKN</subfield>
         <subfield code="d">TKN</subfield>
         <subfield code="d">OCL</subfield>
         <subfield code="d">NIC</subfield>
      </datafield>
      <datafield tag="050" ind1="0" ind2=" ">
         <subfield code="a">DP98</subfield>
         <subfield code="b">.C62</subfield>
      </datafield>
      <datafield tag="245" ind1="0" ind2="0">
         <subfield code="a">Akhbār majmūʻah fī fatḥ al-Andalus,</subfield>
         <subfield code="b">wa-dhikr umarāʼihā wa-al-ḥurūb al-waāqiʻah bihā baynahum.</subfield>
         <subfield code="c">li-muʼallif majhūl.</subfield>
      </datafield>
      <datafield tag="260" ind1=" " ind2=" ">
         <subfield code="a">Baghdād,</subfield>
         <subfield code="b">Maktabat al-Muthannā</subfield>
         <subfield code="c">[1964?]</subfield>
      </datafield>
      <datafield tag="500" ind1=" " ind2=" ">
         <subfield code="a">Added t.p.: Ajbar machmuâ (Coleccion de tradiciones) ; cronica anonima del siglo XI, dadaá luz por primera ves. Traducida y anotada por Emilio Lafuente y Alcantara.</subfield>
      </datafield>
      <datafield tag="500" ind1=" " ind2=" ">
         <subfield code="a">Photo offset of the Arabic text, with geographical index published in Madrīd, 1867, as v. 1 of Coleccion de obras Arábigas de historia y geografia que publica la real Academia de la Historia.</subfield>
      </datafield>
      <datafield tag="651" ind1=" " ind2="0">
         <subfield code="a">Spain</subfield>
         <subfield code="x">History</subfield>
         <subfield code="y">711-1516.</subfield>
      </datafield>
      <datafield tag="648" ind1=" " ind2="7">
         <subfield code="a">711 - 1516</subfield>
         <subfield code="2">fast</subfield>
      </datafield>
      <datafield tag="651" ind1=" " ind2="7">
         <subfield code="a">Spain</subfield>
         <subfield code="2">fast</subfield>
         <subfield code="0">(OCoLC)fst01204303</subfield>
      </datafield>
      <datafield tag="700" ind1="1" ind2=" ">
         <subfield code="a">Lafuente y Alcʻantara, Emilio,</subfield>
         <subfield code="d">-1868,</subfield>
         <subfield code="e">ed.</subfield>
      </datafield>
      <datafield tag="905" ind1=" " ind2=" ">
         <subfield code="a">20000210120000.0</subfield>
      </datafield>
      <datafield tag="948" ind1="2" ind2=" ">
         <subfield code="a">20121023</subfield>
         <subfield code="b">m</subfield>
         <subfield code="d">batch</subfield>
         <subfield code="e">lts</subfield>
         <subfield code="x">remove999</subfield>
      </datafield>
      <datafield tag="948" ind1="2" ind2=" ">
         <subfield code="a">20141222</subfield>
         <subfield code="b">m</subfield>
         <subfield code="d">batch</subfield>
         <subfield code="e">lts</subfield>
         <subfield code="x">addfast</subfield>
      </datafield>
      <datafield tag="950" ind1=" " ind2=" ">
         <subfield code="l">OLIO1</subfield>
         <subfield code="x">175</subfield>
         <subfield code="a">DP98</subfield>
         <subfield code="b">.A31</subfield>
         <subfield code="d">\+\</subfield>
      </datafield>
      <datafield tag="903" ind1=" " ind2=" ">
         <subfield code="a">NYUACO</subfield>
         <subfield code="d">20150421</subfield>
         <subfield code="p">31924028446577</subfield>
      </datafield>
      <datafield tag="950" ind1=" " ind2=" ">
         <subfield code="a">Oversize</subfield>
         <subfield code="b">DP98 .A31 +</subfield>
         <subfield code="v"> </subfield>
      </datafield>
   </record>
</collection>
